
<?xml version="1.0" encoding="UTF-8"?><xsearch xmlns:marc="http://www.loc.gov/MARC21/slim" to="1" from="1" records="1"><collection xmlns="http://www.loc.gov/MARC21/slim"><record><leader>04016cam a22009733  4500</leader><controlfield tag="001">12345</controlfield><controlfield tag="003">SE-LIBR</controlfield><controlfield tag="005">20111101133335.0</controlfield><controlfield tag="008">011211s1967    sw            000 p swe c</controlfield><datafield tag="035" ind1=" " ind2=" "><subfield code="9">9900106180</subfield></datafield><datafield tag="040" ind1=" " ind2=" "><subfield code="a">Li</subfield></datafield><datafield tag="082" ind1="0" ind2="4"><subfield code="a">839.71</subfield><subfield code="2">22 (machine generated)</subfield></datafield><datafield tag="084" ind1=" " ind2=" "><subfield code="a">Hc.03</subfield><subfield code="2">kssb/7</subfield></datafield><datafield tag="100" ind1="1" ind2=" "><subfield code="a">Ekelöf, Gunnar,</subfield><subfield code="d">1907-1968</subfield><subfield code="0">185513</subfield></datafield><datafield tag="245" ind1="0" ind2="0"><subfield code="a">Vägvisare till underjorden :</subfield><subfield code="b">[dikter] /</subfield><subfield code="c">Gunnar Ekelöf</subfield></datafield><datafield tag="260" ind1=" " ind2=" "><subfield code="a">Stockholm :</subfield><subfield code="b">Bonnier,</subfield><subfield code="c">1967 ;</subfield><subfield code="e">(Stockholm :</subfield><subfield code="f">Bonnier)</subfield></datafield><datafield tag="300" ind1=" " ind2=" "><subfield code="a">112, [2] s.</subfield></datafield><datafield tag="900" ind1="1" ind2="s"><subfield code="6">100</subfield><subfield code="a">Ekelöf, Bengt Gunnar,</subfield><subfield code="d">1907-1968</subfield><subfield code="u">Ekelöf, Gunnar,</subfield><subfield code="d">1907-1968</subfield></datafield><datafield tag="900" ind1="1" ind2="s"><subfield code="6">100</subfield><subfield code="a">Ekelef, Gunar,</subfield><subfield code="d">1907-1968</subfield><subfield code="u">Ekelöf, Gunnar,</subfield><subfield code="d">1907-1968</subfield></datafield><datafield tag="900" ind1="1" ind2="s"><subfield code="6">100</subfield><subfield code="a">Ekeloef, Gunnar,</subfield><subfield code="d">1907-1968</subfield><subfield code="u">Ekelöf, Gunnar,</subfield><subfield code="d">1907-1968</subfield></datafield><datafield tag="900" ind1="1" ind2="s"><subfield code="6">100</subfield><subfield code="a">Īkīlūf, Ghūnnār,</subfield><subfield code="d">1907-1968</subfield><subfield code="u">Ekelöf, Gunnar,</subfield><subfield code="d">1907-1968</subfield></datafield><datafield tag="900" ind1="1" ind2="s"><subfield code="6">100</subfield><subfield code="a">Īkīlūf, Ġūnnār,</subfield><subfield code="d">1907-1968</subfield><subfield code="u">Ekelöf, Gunnar,</subfield><subfield code="d">1907-1968</subfield></datafield><datafield tag="900" ind1="1" ind2="s"><subfield code="6">100</subfield><subfield code="a">Ekelōf, Gunnār,</subfield><subfield code="d">1907-1968</subfield><subfield code="u">Ekelöf, Gunnar,</subfield><subfield code="d">1907-1968</subfield></datafield><datafield tag="976" ind1=" " ind2="2"><subfield code="a">Hcbb.03</subfield><subfield code="b">Skönlitteratur</subfield></datafield><datafield tag="841" ind1=" " ind2=" "><subfield code="5">G</subfield><subfield code="a">x  a</subfield><subfield code="b">060324||    |||||001||||||000000</subfield><subfield code="e">1</subfield></datafield><datafield tag="852" ind1=" " ind2=" "><subfield code="5">G</subfield><subfield code="b">G</subfield><subfield code="h">Hc</subfield><subfield code="j">8410</subfield><subfield code="t">1</subfield></datafield><datafield tag="852" ind1=" " ind2=" "><subfield code="5">G</subfield><subfield code="b">G</subfield><subfield code="h">Bokbandssaml</subfield><subfield code="j">165</subfield><subfield code="t">2</subfield></datafield><datafield tag="852" ind1=" " ind2=" "><subfield code="5">G</subfield><subfield code="b">G</subfield><subfield code="h">br Hc</subfield><subfield code="j">8855</subfield><subfield code="t">3</subfield></datafield><datafield tag="841" ind1=" " ind2=" "><subfield code="5">H</subfield><subfield code="a">xr a</subfield><subfield code="b">0201070u    0   4000uu   |000000</subfield><subfield code="e">1</subfield></datafield><datafield tag="852" ind1="8" ind2=" "><subfield code="5">H</subfield><subfield code="b">H</subfield><subfield code="c">PLAN 4</subfield><subfield code="h">Hc</subfield><subfield code="l">Ekelöf</subfield></datafield><datafield tag="841" ind1=" " ind2=" "><subfield code="5">Hal</subfield><subfield code="a">x  a</subfield><subfield code="b">1502260u    0   4000uu   |000000</subfield><subfield code="e">1</subfield></datafield><datafield tag="852" ind1=" " ind2=" "><subfield code="5">Hal</subfield><subfield code="b">Hal</subfield><subfield code="c">Magasin: Lyrik     EKELÖF</subfield></datafield><datafield tag="841" ind1=" " ind2=" "><subfield code="5">Kd</subfield><subfield code="a">xa a</subfield><subfield code="b">0201070u    0   4000uu   |000000</subfield><subfield code="e">1</subfield></datafield><datafield tag="084" ind1=" " ind2=" "><subfield code="5">Kd</subfield><subfield code="a">Hc.03</subfield><subfield code="2">kssb/6</subfield></datafield><datafield tag="852" ind1=" " ind2=" "><subfield code="5">Kd</subfield><subfield code="b">Kd</subfield><subfield code="h">Hc.03</subfield></datafield><datafield tag="841" ind1=" " ind2=" "><subfield code="5">L</subfield><subfield code="a">xa a</subfield><subfield code="b">0201070u    0   4000uu   |000000</subfield><subfield code="e">1</subfield></datafield><datafield tag="084" ind1=" " ind2=" "><subfield code="5">L</subfield><subfield code="a">Hc.03</subfield><subfield code="2">kssb/5</subfield></datafield><datafield tag="852" ind1=" " ind2=" "><subfield code="5">L</subfield><subfield code="8">1.1</subfield><subfield code="b">L</subfield><subfield code="c">0100</subfield><subfield code="h">H</subfield></datafield><datafield tag="852" ind1=" " ind2=" "><subfield code="5">L</subfield><subfield code="8">1.2</subfield><subfield code="b">L</subfield><subfield code="z">Jämte 6/7. tus. (1967)</subfield></datafield><datafield tag="841" ind1=" " ind2=" "><subfield code="5">Li</subfield><subfield code="a">xa a</subfield><subfield code="b">0201070u    0   4000uu   |000000</subfield><subfield code="e">1</subfield></datafield><datafield tag="084" ind1=" " ind2=" "><subfield code="5">Li</subfield><subfield code="a">Hcbb.03</subfield><subfield code="2">kssb/5</subfield></datafield><datafield tag="852" ind1=" " ind2=" "><subfield code="5">Li</subfield><subfield code="b">Li</subfield><subfield code="c">VALLA</subfield><subfield code="h">hc.03</subfield></datafield><datafield tag="841" ind1=" " ind2=" "><subfield code="5">Lin1</subfield><subfield code="a">x  a</subfield><subfield code="b">0410214u    8   1001uu   0901128</subfield><subfield code="e">4</subfield></datafield><datafield tag="563" ind1=" " ind2=" "><subfield code="5">Lin1</subfield><subfield code="a">Rött halvskinnband med  papper i svart/grått ; bunden av Kjell Fryckberg ; ryggtext: Ekelöf - Vägvisare till underjorden</subfield></datafield><datafield tag="653" ind1=" " ind2=" "><subfield code="5">Lin1</subfield><subfield code="a">Skönlitteratur: svensk</subfield></datafield><datafield tag="852" ind1=" " ind2=" "><subfield code="5">Lin1</subfield><subfield code="b">Lin1</subfield><subfield code="c">Stiftsbiblioteket</subfield><subfield code="h">Rara</subfield><subfield code="t">R1883</subfield></datafield><datafield tag="841" ind1=" " ind2=" "><subfield code="5">LnuV</subfield><subfield code="a">xa a</subfield><subfield code="b">0201070u    0   4000uu   |000000</subfield><subfield code="e">1</subfield></datafield><datafield tag="084" ind1=" " ind2=" "><subfield code="5">LnuV</subfield><subfield code="a">Hc.03</subfield><subfield code="2">kssb/6</subfield></datafield><datafield tag="852" ind1=" " ind2=" "><subfield code="5">LnuV</subfield><subfield code="b">LnuV</subfield><subfield code="h">Hc.03</subfield></datafield><datafield tag="841" ind1=" " ind2=" "><subfield code="5">Lule</subfield><subfield code="a">x  a</subfield><subfield code="b">1309030u    0   4000uu   |000000</subfield><subfield code="e">1</subfield></datafield><datafield tag="852" ind1=" " ind2=" "><subfield code="5">Lule</subfield><subfield code="b">Lule</subfield><subfield code="c">Erik och Karin Lindegrens samling</subfield><subfield code="i">Ej hemlån</subfield><subfield code="z">Ekelöf</subfield></datafield><datafield tag="841" ind1=" " ind2=" "><subfield code="5">Mhh</subfield><subfield code="a">xa a</subfield><subfield code="b">0201070u    0   4000uu   |000000</subfield><subfield code="e">1</subfield></datafield><datafield tag="084" ind1=" " ind2=" "><subfield code="5">Mhh</subfield><subfield code="a">Hc.03</subfield><subfield code="2">kssb/6</subfield></datafield><datafield tag="852" ind1=" " ind2=" "><subfield code="5">Mhh</subfield><subfield code="b">Mhh</subfield><subfield code="c">Arcana</subfield><subfield code="h">A7221</subfield></datafield><datafield tag="841" ind1=" " ind2=" "><subfield code="5">Mo</subfield><subfield code="a">x  a</subfield><subfield code="b">100202||0000|||||001||||||000000</subfield><subfield code="e">1</subfield></datafield><datafield tag="035" ind1=" " ind2=" "><subfield code="5">Mo</subfield><subfield code="a">(Mo)b1144895</subfield></datafield><datafield tag="084" ind1=" " ind2=" "><subfield code="5">Mo</subfield><subfield code="a">Hc.03</subfield><subfield code="2">kssb/8</subfield></datafield><datafield tag="500" ind1=" " ind2=" "><subfield code="5">Mo</subfield><subfield code="a">Originalupplaga 1967</subfield></datafield><datafield tag="546" ind1=" " ind2=" "><subfield code="5">Mo</subfield><subfield code="a">svenska</subfield></datafield><datafield tag="655" ind1=" " ind2="4"><subfield code="5">Mo</subfield><subfield code="a">Bok</subfield></datafield><datafield tag="852" ind1=" " ind2=" "><subfield code="5">Mo</subfield><subfield code="b">Mo</subfield><subfield code="h">Hc.03</subfield></datafield><datafield tag="841" ind1=" " ind2=" "><subfield code="5">O</subfield><subfield code="a">x  a</subfield><subfield code="b">0604194u    8   1001uu   0901128</subfield><subfield code="e">4</subfield></datafield><datafield tag="852" ind1=" " ind2=" "><subfield code="5">O</subfield><subfield code="b">O</subfield><subfield code="h">Författararkivet HAGLIDEN REF Hc</subfield><subfield code="i">Ekelöf</subfield></datafield><datafield tag="852" ind1=" " ind2=" "><subfield code="5">O</subfield><subfield code="b">O</subfield><subfield code="h">Wall REF Hc</subfield><subfield code="i">Ekelöf</subfield></datafield><datafield tag="541" ind1=" " ind2=" "><subfield code="5">O</subfield><subfield code="c">Gåva</subfield><subfield code="a">K-G Wall</subfield></datafield><datafield tag="841" ind1=" " ind2=" "><subfield code="5">Q</subfield><subfield code="a">xa a</subfield><subfield code="b">0201070u    0   4000uu   |000000</subfield><subfield code="e">1</subfield></datafield><datafield tag="852" ind1="8" ind2=" "><subfield code="5">Q</subfield><subfield code="b">Q</subfield><subfield code="c">mag</subfield><subfield code="h">Skön 50073</subfield></datafield><datafield tag="841" ind1=" " ind2=" "><subfield code="5">S</subfield><subfield code="a">xa a</subfield><subfield code="b">0201070u    0   4000uu   |000000</subfield><subfield code="e">1</subfield></datafield><datafield tag="084" ind1=" " ind2=" "><subfield code="5">S</subfield><subfield code="a">Hc.03</subfield><subfield code="2">kssb</subfield></datafield><datafield tag="852" ind1=" " ind2=" "><subfield code="5">S</subfield><subfield code="8">1.1</subfield><subfield code="b">S</subfield><subfield code="h">h67Q</subfield><subfield code="j">10</subfield><subfield code="t">A</subfield></datafield><datafield tag="852" ind1=" " ind2=" "><subfield code="5">S</subfield><subfield code="8">1.2</subfield><subfield code="b">S</subfield><subfield code="h">Praktsaml.</subfield><subfield code="j">Saml.</subfield><subfield code="t">B</subfield></datafield><datafield tag="852" ind1=" " ind2=" "><subfield code="5">S</subfield><subfield code="8">1.3</subfield><subfield code="b">S</subfield><subfield code="h">289 Pr1</subfield><subfield code="j">63</subfield><subfield code="t">C</subfield></datafield><datafield tag="852" ind1=" " ind2=" "><subfield code="5">S</subfield><subfield code="8">1.4</subfield><subfield code="b">S</subfield><subfield code="z">6./7. tus., 1967</subfield></datafield><datafield tag="852" ind1=" " ind2=" "><subfield code="5">S</subfield><subfield code="b">S</subfield><subfield code="h">Astrid Lindgrensamlingen</subfield><subfield code="j">Vardagsrummet. Hylla 1. 105</subfield><subfield code="t">D</subfield><subfield code="z">Utlånas ej</subfield></datafield><datafield tag="841" ind1=" " ind2=" "><subfield code="5">Sig</subfield><subfield code="a">xa a</subfield><subfield code="b">0201070u    0   4000uu   |000000</subfield><subfield code="e">1</subfield></datafield><datafield tag="084" ind1=" " ind2=" "><subfield code="5">Sig</subfield><subfield code="a">Hc.03</subfield><subfield code="2">kssb/6</subfield></datafield><datafield tag="852" ind1=" " ind2=" "><subfield code="5">Sig</subfield><subfield code="b">Sig</subfield><subfield code="h">Hc.03</subfield></datafield><datafield tag="841" ind1=" " ind2=" "><subfield code="5">U</subfield><subfield code="a">xa a</subfield><subfield code="b">0201070u    0   4000uu   |000000</subfield><subfield code="e">1</subfield></datafield><datafield tag="084" ind1=" " ind2=" "><subfield code="5">U</subfield><subfield code="a">Hc.03</subfield><subfield code="2">kssb/5</subfield></datafield><datafield tag="852" ind1=" " ind2=" "><subfield code="5">U</subfield><subfield code="8">1.1</subfield><subfield code="b">U</subfield><subfield code="c">Sv</subfield><subfield code="h">H</subfield><subfield code="j">4237</subfield></datafield><datafield tag="841" ind1=" " ind2=" "><subfield code="5">Um</subfield><subfield code="a">xa a</subfield><subfield code="b">0201070u    0   4000uu   |000000</subfield><subfield code="e">1</subfield></datafield><datafield tag="852" ind1=" " ind2=" "><subfield code="5">Um</subfield><subfield code="b">Um</subfield><subfield code="z">Skönlitteratur. Annan uppl. kan finnas vid biblioteket</subfield></datafield><datafield tag="841" ind1=" " ind2=" "><subfield code="5">Umdp</subfield><subfield code="a">xa a</subfield><subfield code="b">0201070u    0   4000uu   |000000</subfield><subfield code="e">1</subfield></datafield><datafield tag="852" ind1=" " ind2=" "><subfield code="5">Umdp</subfield><subfield code="b">Umdp</subfield><subfield code="j">18929</subfield></datafield></record></collection></xsearch>
